@article{baldi2020bayesian,
  title={Bayesian Causality},
  author={Baldi, Pierre and Shahbaba, Babak},
  journal={The American Statistician},
  volume={74},
  number={3},
  pages={249--257},
  year={2020},
  publisher={Taylor \& Francis}
}
@article{rubin1974estimating,
  title={Estimating causal effects of treatments in randomized and nonrandomized studies.},
  author={Rubin, Donald B},
  journal={Journal of educational Psychology},
  volume={66},
  number={5},
  pages={688},
  year={1974},
  publisher={American Psychological Association}
}
@book{cunningham2021causal,
  title={Causal inference: The mixtape},
  author={Cunningham, Scott},
  year={2021},
  publisher={Yale university press}
}

@book{imbens2015causal,
  title={Causal inference in statistics, social, and biomedical sciences},
  author={Imbens, Guido W and Rubin, Donald B},
  year={2015},
  publisher={Cambridge university press}
}
