@article{chib1998estimation,
  title={Estimation and comparison of multiple change-point models},
  author={Chib, Siddhartha},
  journal={Journal of econometrics},
  volume={86},
  number={2},
  pages={221--241},
  year={1998},
  publisher={Elsevier}
}

@article{baldi2020bayesian,
  title={Bayesian Causality},
  author={Baldi, Pierre and Shahbaba, Babak},
  journal={The American Statistician},
  volume={74},
  number={3},
  pages={249--257},
  year={2020},
  publisher={Taylor \& Francis}
}
@article{rubin1974estimating,
  title={Estimating causal effects of treatments in randomized and nonrandomized studies.},
  author={Rubin, Donald B},
  journal={Journal of educational Psychology},
  volume={66},
  number={5},
  pages={688},
  year={1974},
  publisher={American Psychological Association}
}
@book{cunningham2021causal,
  title={Causal inference: The mixtape},
  author={Cunningham, Scott},
  year={2021},
  publisher={Yale university press}
}
